<?xml version="1.0" encoding="UTF-8"?><collection xmlns="http://www.loc.gov/MARC21/slim"><record><leader>00342nam--2200121-i-4500</leader><controlfield tag="001">000031227</controlfield><controlfield tag="002">20161230</controlfield><controlfield tag="005">20161230201038</controlfield><controlfield tag="008">060222s1000------------r-----000-0-eng-d</controlfield><datafield ind1=" " ind2=" " tag="100"><subfield code="a">Lomonosov, M.V</subfield></datafield><datafield ind1=" " ind2=" " tag="245"><subfield code="a">Lucrari stiintifice alese cu un studiu introductiv de b.i.spasski</subfield></datafield><datafield ind1=" " ind2=" " tag="260"><subfield code="a">Bucuresti, Academia Rpr, 1951. 117p.+2 F.Pl</subfield></datafield><datafield ind1=" " ind2=" " tag="852"><subfield code="a">649</subfield></datafield></record></collection>